2481 3508
482.0 488.0 793.0 90.0 retournerẽt les peres des ẽfans

487.0 563.0 789.0 78.0 deuers le ſire de Bron faire leur

485.0 637.0 755.0 85.0 plainte de ſon filᴣ leq̃l il fit em ⸝

483.0 697.0 770.0 92.0 pꝛiſonner¶Si aꝸuint q̃ ƃng

483.0 765.0 768.0 80.0 ſoir ƃne chamberiere portoit a

485.0 834.0 768.0 81.0 mẽger a Bertrãnꝸ. ainſi comme

477.0 896.0 774.0 88.0 elle ouuriſt luys de la pꝛiſon.b.

481.0 962.0 770.0 90.0 en yſſit et luy oſta les clefᴣ et lẽ

485.0 1029.0 768.0 85.0 ferma deꝸēs. puis ſen alla de

481.0 1101.0 770.0 76.0 nuit en lune des maiſons ſon pe

483.0 1167.0 768.0 84.0 re. et la pꝛint ƃne iument et ſen

483.0 1231.0 768.0 88.0 alla a regnes. Le ſire de bꝛō a⸝

483.0 1303.0 772.0 82.0 uoit ƃne ſuer a regnes mariee

485.0 1366.0 772.0 89.0 a ƃne cheualier de grãt hōneur

493.0 1438.0 766.0 70.0 q̃ a regnes demouroit la ſetra ⸝

483.0 1498.0 768.0 88.0 hiſt.B. Et quãt la ꝸame ſon

485.0 1568.0 772.0 84.0 hãte lapparceut elle fut moult

483.0 1637.0 768.0 85.0 liee de ſa ƃenue pource q̃ deſta

483.0 1705.0 766.0 82.0 auoit ouy parler de ſon maitié

483.0 1771.0 774.0 72.0 et luy ꝸit. Ha beau nepueu mal

487.0 1831.0 764.0 88.0 reſſembleᴣ la raſſe ꝸõt ƃoɂ eſteᴣ

485.0 1898.0 766.0 97.0 yſſu q̃ ainſi ƃoɂ demeneᴣ ƃillay⸝

485.0 1970.0 768.0 76.0 nemẽt. la eſtoit cheualier mar

487.0 2036.0 766.0 84.0 ry de la ꝸame q̃ luy ꝸiſt. Dame

481.0 2100.0 774.0 88.0 laiſſes a.B.ſoy acq̃ter de ieu⸝

485.0 2169.0 766.0 87.0 neſſe. puis ꝸit a.B.beau nep.⸝

485.0 2237.0 770.0 84.0 ueu loſtel de ceãns eſt ƃoſtre donc

483.0 2303.0 764.0 78.0 Bertranꝸ le mercia moult debõ

487.0 2383.0 290.0 86.0 nairement

705.0 2438.0 544.0 87.0 n regnes demoura.b.

696.0 2505.0 550.0 82.0 auec ſon oncle longue⸝

693.0 2575.0 547.0 88.0 ment et moult changa

491.0 2642.0 758.0 86.0 de ſes manieres. puis fut ſon pe

485.0 2710.0 764.0 82.0 re appaiſe enueres luy et retour

483.0 2773.0 766.0 95.0 na en ſon hoſtel. Et tant creut

529.0 2598.0 152.0 59.0 A

1322.0 488.0 749.0 90.0 bertrãd quil fut en leage de .xii.

1311.0 559.0 764.0 84.0 ans. Adōc luy bailla le ſire ꝸu

1299.0 619.0 775.0 97.0 gueſclin cheuaulx et harnois.

1325.0 695.0 750.0 82.0 Et ꝸiller en auant il ſuyuit les

1315.0 765.0 760.0 69.0 armes iouſtes et tournoymẽs.

1327.0 830.0 750.0 82.0 Et tant fut large et faiſant

1317.0 898.0 760.0 84.0 dans et pꝛeſens aux gentilᴣ hõ ⸝

1315.0 968.0 762.0 76.0 mes qui par la terre de ſon pe⸝

1317.0 1034.0 756.0 80.0 re paſſoyent que en bꝛief temps

1315.0 1099.0 760.0 74.0 fut acointe des cheualiers et re

1313.0 1157.0 760.0 92.0 nomme de largeſſe ¶Et entre

1317.0 1231.0 758.0 78.0 ſes aultres manieres auoit ꝸe

1313.0 1301.0 756.0 80.0 couſtume que ſe aulcun poure q̃

1319.0 1370.0 758.0 66.0 rant laumoſne ſil nauoit ar ⸝

1301.0 1430.0 772.0 88.0 gēt il ſe deueſtoit et ꝸonnoit ſa

1317.0 1498.0 762.0 76.0 robbe pour lamour de noſtre ſei

1311.0 1566.0 768.0 82.0 gneur. dõt ſon pere lauoit mõlt

1315.0 1633.0 766.0 87.0 chier plus que de nulle choſe qui

1319.0 1701.0 756.0 86.0 tuſt en luy. Oꝛ aduint que les

1317.0 1771.0 758.0 82.0 barons de bꝛetaigne tinꝸꝛent a

1321.0 1843.0 758.0 76.0 regnes ƃnes bien grãs iouſtes

1325.0 1906.0 752.0 81.0 Et de lentrepꝛiſe fut le ſire ꝸu

1315.0 1970.0 766.0 80.0 gueſclin pere de bertrãnꝸ et auec

1313.0 2038.0 764.0 74.0 luy bertranꝸ qui moult defirãt

1317.0 2106.0 758.0 82.0 eſtoit de iouſster.mais pource q̃

1319.0 2176.0 756.0 84.0 trop ieune eſtoit ſon pere ne ƃou

1315.0 2241.0 548.0 89.0 lut point quil iouſtat.

403.0 418.0 79.0 96.0 4.
