4267 6033
779 784 1324 146 a ce ʃaccorda le cōte de mōtfort

770 904 1324 131 et tous les barons. Et bꝛiefue

780 1028 1304 145 mẽt treſpaſſa leꝸit meſſire guy

777 1142 1307 134 deuantle bō duc iehã ſon frere

784 1263 1300 134 duq̃l meſſire guy demoura ƃne

777 1370 1307 144 fille q̃ fut mariee a mõſeigneur

779 1478 1304 140 charles de bloys nepueu dephe⸝

770 1605 1318 137 lippes roy de france. Oꝛ aꝸuint

791 1719 1293 141 q̃ apꝛes le treſpaſſement ꝸuꝸit

774 1833 1310 141 bō duciehan la duchie eſcheut

774 1947 1314 144 auꝸit charles de bloys a cauſe

780 2067 1308 131 de madame ſa femme. mais'ie

774 2175 1310 144 hã de mōfort luy cōtredit et ſen

777 2302 1307 131 alla deuers le roy et luy poꝛta

770 2406 1321 137 lōmage de la duchie quil receut

774 2520 1310 151 puis sẽ alla en bꝛetaigne et pꝛit

780 2637 1298 141 nom de ꝸuc. Et cōtre leꝸit mō

780 2748 1308 151 ſeigneur charleſ chalãga la du

774 2865 1317 141 chie.le cōte de monfoꝛt fut aꝸõc

780 2993 1304 134 ques aꝸiourne par deuãt le roy

777 3100 1311 144 il ƃint ettant fut la cauʃe de me

779 3212 1314 136 nee par deuãt les pers de fran_

784 3338 1304 144 ce par leſ ꝸictes parties  ilᴣ fu

780 3458 1308 128 rent apoinctes par ꝸroit. Et

780 3576 1304 130 en ce comptant fut apoincte au

784 3686 1304 134 cõte de mõfort et a luy aiugie la

784 3797 1310 124 ꝸicte ꝸuchienõ appartenir. ꝸõt

787 3914 1294 128 ſe partit de court hatiuemẽt ʃãʃ

787 4032 1307 144 congie ꝸu roy. Et ſen alla tout

791 4146 1307 137 ʃeul iuſques a oreleãs.  et illec ſe

780 4259 1318 141 bouta ſur loyre en ƃng ƃaiſſeau

784 4377 1310 134 et nuyt et iour ſẽ alla en bretai

770 4487 1324 151 gne et illec paʃʃa la mer et ʃẽ ala

787 4615 1304 134 en angleterre par deuers le roy

784 4722 1310 158 au quel il fit hommage de la ꝸu

2198 801 1308 150 chie. lequel roy anglois luy pꝛo

2202 925 1304 140 miʃt luy. garentir. Et ainſi ſen

2198 1039 1301 130 alla des anglois le cõte de mon

2202 1149 1300 148 foꝛt. Et autour aſſigne fut oꝛ

2202 1266 1304 138 ꝸõne par les pers q̃ a charleſ de

2195 1387 1307 127 bloys et non a aultre apparte ⸝

2195 1494 1307 138 noit le ꝸuchie a cauſe de ſa fem

2198 1615 1304 114 me. Et en prononcant larreſt

2195 1722 1307 144 les pꝛelatᴣ et barõſ de bretaigne

2198 1836 1301 144 y pẽꝸirẽt leurs ſeaulx. Apꝛes

2195 1957 1311 134 le iugement partit charles ꝸe

2198 2071 1301 134 court et alla en bretaingne . a luy

2202 2181 1304 135 ſe renꝸirent pluſieurs ƃilles et

2202 2299 1300 141 chaſteaux. Et pluſieurs ſe tin

2205 2423 1297 110 ꝸꝛẽt de la partie ꝸu conte de mõ

2205 2550 1304 124 fort. ¶Ne demoura gueres que

2198 2651 1308 130 pour faire ſecours auꝸit cõte le

2208 2771 1301 108 roy ꝸangleterre enuoya en bre⸝

2202 2869 1314 154 taigne le duc de lãcaſtre ſon fre

2198 2993 1314 140 re agrans gẽs. Par myla bre⸝

2202 3106 1310 135 taigne alla le conte de monfoꝛt

2198 3220 1301 141 chalengeãnt ƃilles et chaſteaux

2205 3338 1301 144 ꝸune part et monſeigneur char

2202 3465 1304 111 les ꝸaultre part. ꝸõt bꝛetaigne

2205 3579 1294 134 fut moult ꝸommagee et les no

2202 3680 1294 147 bles abaiſſes¶Car aꝸonc en

2198 3810 1304 134 bretaigne le pere guerreoit con

2205 3921 1301 137 re le filᴣ pource q̃ les ƃngᴣ te⸝

2202 4028 1297 141 noyẽt le parti de charles de bloiſ

2215 4152 1291 131 Et les aultres tenoyent le par

2205 4266 1297 138 ti de meſſire iehan conte de mon

2215 4377 215 141 fort.

3386 593 196 171 9.
