4267 6033
734.0 909.0 1313.0 237.0 le ſiege¶Et ſen retournerent

740.0 1092.0 1308.0 158.0 les roys chaſcun en la cõtree ⸝

754.0 1199.0 1304.0 171.0 Et quãt le roy phelippe fut re⸝

747.0 1320.0 1304.0 164.0 tourne en france il ꝸõna congie

750.0 1444.0 1314.0 144.0 a ſes pᴣinces et moult les mer

744.0 1533.0 1298.0 181.0 cya de leur ſecours. Et ſur toɂ

750.0 1662.0 1308.0 144.0 les aultres le bon ꝸuc fut hõno

757.0 1783.0 1307.0 157.0 re et feſtoye. puir pᴣint cõgie ꝸu

757.0 1903.0 1314.0 138.0 roy et ſen retourna en bᴣetaigne

757.0 2007.0 1311.0 158.0 ou moult fut receu hõnoᴣable⸝

764.0 2128.0 1307.0 147.0 mẽt.pour la grãt renõmee q̃ de

757.0 2242.0 1317.0 147.0 bertrãꝸ couroit en bretaigne ꝸe

774.0 2359.0 1297.0 151.0 ſiroit moult le bon ꝸuc iehan a

767.0 2473.0 1311.0 148.0 le ƃeoir .et pource le manꝸa et

770.0 2584.0 1311.0 161.0 il ƃint deuers luy. la le receut le

770.0 2698.0 1318.0 164.0 bon ꝸuc iehã a ſon ſeruice. Et

770.0 2822.0 1314.0 160.0 en tous les ƃoiages q̃l fit pour

770.0 2942.0 1311.0 151.0 le roy le mena auec luy et en

777.0 3043.0 1307.0 167.0 ſa cõpaignie. Ne demoura paſ

777.0 3157.0 1304.0 164.0 longuemẽt q̃ le bõ ꝸuc iehã treſ

784.0 3277.0 1310.0 161.0 paſſa ꝸõt le pais fut moult en⸝

791.0 3411.0 459.0 155.0 ꝸõmagie .

1163.0 3606.0 938.0 171.0 n ceſte partie ꝸit ly⸝

1143.0 3740.0 965.0 141.0 ſtoire q̃ apᴣes la moᴣt

1179.0 3847.0 919.0 141.0 ꝸu bon ꝸuc iehã le con⸝

801.0 3971.0 1304.0 151.0 te de monfort frere mainſe ꝸu

801.0 4078.0 1310.0 165.0 bon ꝸuc alla a limoges pour ſai

807.0 4196.0 1304.0 157.0 ſir les treſoᴣs ꝸicelluy bon ꝸuc.

801.0 4323.0 1314.0 138.0 et puis retourna en bᴣetaigne.

824.0 4434.0 1287.0 154.0 Et par largent atrahyt a ſoy

814.0 4548.0 1301.0 151.0 pluſieurs barõs ꝸupais. Et

817.0 4665.0 1298.0 147.0 tant fit que aluy ſe renꝸirent

821.0 4769.0 1287.0 168.0 pluſieurs ƃilles et chaſteaulx

824.0 4893.0 1304.0 161.0 de la duchie. Et bᴣiefuement ſe

2168.0 965.0 1100.0 157.0 nomma ꝸuc ꝸe bᴣetaigne.

2517.0 1065.0 969.0 148.0 Ray eſt q̃ hartɂ ꝸuc de

2467.0 1179.0 1005.0 148.0 bᴣetaigne pere ꝸu bon

2369.0 1303.0 1106.0 121.0 ꝸuc iehan auoit troys

2188.0 1417.0 1301.0 138.0 filᴣ ꝸont les deux pᴣemiers fu⸝

2192.0 1535.0 1297.0 137.0 rent engenꝸᴣes en la ƃiconteſſe

2192.0 1645.0 1294.0 144.0 de lymoges ſa fẽme et le tiers

2182.0 1756.0 1310.0 154.0 en la royne deſcoſſe. E eſtaſſa⸝

2188.0 1873.0 1304.0 138.0 uoir leꝸit bon ꝸuc iehan et mõ⸝

2198.0 1994.0 1281.0 141.0 ſeigneur guy de bᴣetaigne cõte

2198.0 2108.0 1291.0 130.0 de poitieure et de grele ſecõꝸ filᴣ

2192.0 2228.0 1307.0 114.0 et iehan conte de mõfoᴣt tiers et

2205.0 2339.0 1294.0 144.0 derram filᴣ le bon ꝸut iehan aiſ

2205.0 2463.0 1291.0 144.0 ne apᴣes ſon pere le ꝸuc hartɂ

2205.0 2597.0 1297.0 124.0 regna au gre de tous¶Et par

2205.0 2688.0 1301.0 140.0 le cõſeil de ſes barõs fut marie.

2212.0 2798.0 1294.0 148.0 mais la ꝸucheſſe ſa femme ne

2212.0 2922.0 1297.0 141.0 poᴣta oncq̃s enfans. Et pour

2208.0 3029.0 1304.0 161.0 ce q̃ meſſire guy le ſecõꝸ filᴣ fut

2218.0 3160.0 1291.0 134.0 pᴣeuꝸons. et fut plus agreable

2218.0 3274.0 1294.0 141.0 aux barõs et au peuple q̃ meſ⸝

2222.0 3385.0 1294.0 120.0 ſire iehan cõte ꝸe montfoᴣt. Et

2218.0 3492.0 1291.0 151.0 meſmemẽt icelluy bon ꝸuc iehan

2215.0 3616.0 1304.0 144.0 conſiderãnt que apᴣes luy eſtoit

2222.0 3740.0 1304.0 137.0 le  plus ꝓchain pour regner et

2229.0 3844.0 1290.0 144.0 heriter a la ꝸuchie q̃ leꝸit meſſi

2229.0 3965.0 1297.0 144.0 re guy ƃoulut et fit par le cõſeil

2232.0 4078.0 1290.0 141.0 des barõs q̃ au cas q̃ leꝸit meſſi

2229.0 4196.0 1293.0 147.0 re guy ſon frere yroit de ƃie a

2229.0 4306.0 1293.0 148.0 treſpaſſement auant luy il ƃou

2229.0 4424.0 1290.0 140.0 lut et ẽtieremẽt eſcript ſõ ĩtẽntiõ

2245.0 4538.0 1281.0 147.0 q̃ le ꝸᴣoit hoir q̃ hyſtroit de meſ⸝

2242.0 4655.0 1287.0 147.0 ſire guy q̃ ſõ hoir deuoit eſtre et

2242.0 4769.0 1287.0 151.0 ſe reputaſt ou filᴣ ou fille car tel

2218.0 4886.0 1304.0 158.0 le eſtoit la couſtũe de bᴣetaigne

2133.0 1251.0 398.0 141.0 A

573.0 3800.0 604.0 227.0 A
